% Encoding: UTF-8

@Book{koller2009probabilistic,
  title     = {Probabilistic graphical models: principles and techniques},
  publisher = {MIT press},
  year      = {2009},
  author    = {Koller, Daphne and Friedman, Nir},
}

@Book{kindermann1980markov,
  title     = {Markov random fields and their applications},
  publisher = {American Mathematical Society},
  year      = {1980},
  author    = {Kindermann, Ross and Snell, Laurie},
  url       = {http://www.cmap.polytechnique.fr/~rama/ehess/mrfbook.pdf},
}

@Book{li2009markov,
  title     = {Markov random field modeling in image analysis},
  publisher = {Springer Science \& Business Media},
  year      = {2009},
  author    = {Li, Stan Z},
  url       = {https://books.google.de/books?hl=de&lr=&id=rDsObhDkCIAC&oi=fnd&pg=PR9&dq=Markov+Random+Field+Modeling+in+Image+Analysis&ots=xillgTwPIR&sig=IKyyijIq9f020eHiOMnQt8ljAzU#v=onepage&q=Markov%20Random%20Field%20Modeling%20in%20Image%20Analysis&f=false},
}

@Comment{jabref-meta: databaseType:bibtex;}

